<?xml version="1.0" encoding="UTF-8"?><collection xmlns="http://www.loc.gov/MARC21/slim"><record><leader>00592nam--2200133-i-4500</leader><controlfield tag="001">000019158</controlfield><controlfield tag="002">20161230</controlfield><controlfield tag="005">20161230201033</controlfield><controlfield tag="008">060222s1000------------r-----000-0-eng-d</controlfield><datafield ind1=" " ind2=" " tag="080"><subfield code="a">551.5:621.039.8</subfield></datafield><datafield ind1=" " ind2=" " tag="245"><subfield code="a">Environmental isotopes data no.1:world survey of isotopes concentration in precipitation(1953-1963).report from a network organized by the international atomic energy agency in co-operation with world meteorological organization  and co-operation natio</subfield></datafield><datafield ind1=" " ind2=" " tag="260"><subfield code="a">Vienna, International Atomic Energy Agency, 1969. Xviii + 421 P</subfield></datafield><datafield ind1=" " ind2=" " tag="490"><subfield code="a">Technical Reports Series</subfield></datafield><datafield ind1=" " ind2=" " tag="852"><subfield code="a">1875</subfield></datafield></record></collection>